@inproceedings{Pierre2011,
    title = {{Autoencoders, Unsupervised Learning and Deep Architectures}},
    year = {2011},
    booktitle = {Proceedings of the 2011 International Conference on Unsupervised and Transfer Learning Workshop - Volume 27},
    author = {Baldi, Pierre},
    pages = {37--50},
    series = {UTLW'11},
    publisher = {JMLR.org},
    url = {https://proceedings.mlr.press/v27/baldi12a.html},
    doi = {10.5555/3045796.3045801},
    keywords = {autoencoders, boolean, clustering, complexity, compression, deep architectures, hebbian learning, information theory, principal component analysis, unsupervised learning}
}

@article{Whitley1990,
    title = {{Genetic algorithms and neural networks: optimizing connections and connectivity}},
    year = {1990},
    journal = {Parallel Computing},
    author = {Whitley, D. and Starkweather, T. and Bogart, C.},
    number = {3},
    month = {8},
    pages = {347--361},
    volume = {14},
    publisher = {North-Holland},
    doi = {10.1016/0167-8191(90)90086-O},
    issn = {0167-8191},
    keywords = {Optimization, genetic algorithm, neural network}
}

@article{Maniezzo1994,
    title = {{Genetic evolution of the topology and weight distribution of neural networks}},
    year = {1994},
    journal = {IEEE Transactions on Neural Networks},
    author = {Maniezzo, V.},
    number = {1},
    pages = {39--53},
    volume = {5},
    url = {http://ieeexplore.ieee.org/document/265959/},
    doi = {10.1109/72.265959},
    issn = {10459227}
}

@article{Mitchell1996,
    title = {{Machine learning}},
    year = {1996},
    journal = {ACM Computing Surveys},
    author = {Dietterich, Tom},
    number = {4es},
    month = {12},
    pages = {3},
    volume = {28},
    url = {https://dl.acm.org/doi/10.1145/242224.242229},
    doi = {10.1145/242224.242229},
    issn = {0360-0300},
    keywords = {1, 1 latar belakang masalah, abstrak-- perkembangan teknologi komputer, abstraksi, abstraksi - dalam proses, academic, academic information system, academic information systems, adanya suatu kecepatan dan, and product, application of reservation, dan dapat, e-commerce, e-learning, excellent, extreme programming, food and beverage, hal ini diperlukan sebagai, hanya dengan mengakses e-commerce, information system, information systems, interactive multimedia, internet, internet saja, iterative, keakuratan dalam pengolahan data, kita dapat memilih barang, lembaga bimbingan belajar be, lms dokeos, media promotion, melalui, mempengaruhi sistem perdagangan, mengetahui rincian barang, mickro credit, mobile, mysql, online, online trading application, pacitan, pada tata distro kabupaten, pelayanan bagi siswa didik, penyelenggaraan kegiatan akademik dituntut, perkembangan teknologi yang sangat, pesat secara langsung maupun, php, prosesnya telah, saat ini, sale book, sales, sekarang ini dengan kecepatan, sistem penjualan berbasis web, smk pelayaran sinar bahari, students, tidak langsung, upaya untuk meningkatkan mutu, waterfall, web, web based, yang diinginkan, yang merupakan prioritas utama}
}

@article{Sexton1999,
    title = {{Optimization of neural networks: A comparative analysis of the genetic algorithm and simulated annealing}},
    year = {1999},
    journal = {European Journal of Operational Research},
    author = {Sexton, Randall S. and Dorsey, Robert E. and Johnson, John D.},
    number = {3},
    month = {5},
    pages = {589--601},
    volume = {114},
    publisher = {Elsevier},
    url = {https://linkinghub.elsevier.com/retrieve/pii/S0377221798001143},
    doi = {10.1016/S0377-2217(98)00114-3},
    issn = {03772217},
    keywords = {Extrapolation, Genetic algorithm, Global solutions, Interpolation, Neural networks, Optimization, Simulated annealing}
}

@article{Sexton1998,
    title = {{Toward global optimization of neural networks: A comparison of the genetic algorithm and backpropagation}},
    year = {1998},
    journal = {Decision Support Systems},
    author = {Sexton, Randall S. and Dorsey, Robert E. and Johnson, John D.},
    number = {2},
    month = {2},
    pages = {171--185},
    volume = {22},
    publisher = {North-Holland},
    url = {https://linkinghub.elsevier.com/retrieve/pii/S0167923697000407},
    doi = {10.1016/S0167-9236(97)00040-7},
    issn = {01679236},
    keywords = {Backpropagation, Delta-rule, Extrapolation, Genetic algorithm, Global search algorithms, Interpolation, Optimization}
}

@inproceedings{Montana1989,
    title = {{Training Feedforward Neural Networks Using Genetic Algorithms}},
    year = {1989},
    booktitle = {Proceedings of the 11th International Joint Conference on Artificial Intelligence - Volume 1},
    author = {Montana, David J and Davis, Lawrence},
    pages = {762--767},
    series = {IJCAI'89},
    publisher = {Morgan Kaufmann Publishers Inc.},
    address = {San Francisco, CA, USA},
    doi = {10.5555/1623755.1623876}
}

@article{Fister2013AOptimization,
    title = {{A Brief Review of Nature-Inspired Algorithms for Optimization}},
    year = {2013},
    journal = {Elektrotehniski Vestnik/Electrotechnical Review},
    author = {Fister, Iztok and Yang, Xin-She and Fister, Iztok and Brest, Janez and Fister, Du≈°an},
    number = {3},
    month = {7},
    pages = {116--122},
    volume = {80},
    url = {http://arxiv.org/abs/1307.4186},
    arxivId = {1307.4186},
    keywords = {Bio-inspired algorithms, Optimization, Physics/chemistry algorithms, Swarm intelligence}
}

@article{Yao1997ANetworks,
    title = {{A New Evolutionary System for Evolving Artificial Neural Networks}},
    year = {1997},
    journal = {IEEE Transactions on Neural Networks},
    author = {Yao, X. and Liu, Y.},
    number = {3},
    month = {5},
    pages = {694--713},
    volume = {8},
    url = {https://ieeexplore.ieee.org/document/572107/},
    doi = {10.1109/72.572107},
    issn = {1045-9227},
    keywords = {Evolution, Evolution of behaviors, Evolutionary programming, Generalization, Learning, Neural-network design, Parsimony}
}

@article{Mishra2023AAlgorithms,
    title = {{A survey of designing convolutional neural network using evolutionary algorithms}},
    year = {2023},
    journal = {Artificial Intelligence Review},
    author = {Mishra, Vidyanand and Kane, Lalit},
    number = {6},
    month = {6},
    pages = {5095--5132},
    volume = {56},
    url = {https://link.springer.com/10.1007/s10462-022-10303-4},
    doi = {10.1007/s10462-022-10303-4},
    issn = {0269-2821}
}

@article{Darwish2020ALearning,
    title = {{A survey of swarm and evolutionary computing approaches for deep learning}},
    year = {2020},
    journal = {Artificial Intelligence Review},
    author = {Darwish, Ashraf and Hassanien, Aboul Ella and Das, Swagatam},
    number = {3},
    month = {3},
    pages = {1767--1812},
    volume = {53},
    publisher = {Springer},
    url = {http://link.springer.com/10.1007/s10462-019-09719-2},
    doi = {10.1007/s10462-019-09719-2},
    issn = {0269-2821},
    keywords = {Artificial Intelligence, Computer Science, Evolutionary computing, Metaheuristic algorithms, Swarm intelligence, general}
}

@article{Al-Sahaf2019ALearning,
    title = {{A survey on evolutionary machine learning}},
    year = {2019},
    journal = {Journal of the Royal Society of New Zealand},
    author = {Al-Sahaf, Harith and Bi, Ying and Chen, Qi and Lensen, Andrew and Mei, Yi and Sun, Yanan and Tran, Binh and Xue, Bing and Zhang, Mengjie},
    number = {2},
    month = {4},
    pages = {205--228},
    volume = {49},
    publisher = {Taylor and Francis Asia Pacific},
    url = {https://www.tandfonline.com/doi/full/10.1080/03036758.2019.1609052},
    doi = {10.1080/03036758.2019.1609052},
    issn = {0303-6758},
    keywords = {Artificial intelligence, classification, clustering, combinatorial optimisation, deep learning, ensemble learning, evolutionary computation, machine learning, regression, transfer learning}
}

@article{Angeline1994AnNetworks,
    title = {{An evolutionary algorithm that constructs recurrent neural networks}},
    year = {1994},
    journal = {IEEE Transactions on Neural Networks},
    author = {Angeline, P.J. and Saunders, G.M. and Pollack, J.B.},
    number = {1},
    pages = {54--65},
    volume = {5},
    url = {http://ieeexplore.ieee.org/document/265960/},
    doi = {10.1109/72.265960},
    issn = {10459227}
}

@article{Rahman2015AnAlgorithms,
    title = {{An Implementation for Combining Neural Networks and Genetic Algorithms}},
    year = {2015},
    journal = {International Journal of Computer Science and Technology},
    author = {Rahman, Md Mijanur},
    number = {3},
    pages = {218--222},
    volume = {6},
    publisher = {Science Publishing Corporation},
    issn = {0976-8491}
}

@article{Lippmann1988AnNets,
    title = {{An introduction to computing with neural nets}},
    year = {1988},
    journal = {ACM SIGARCH Computer Architecture News},
    author = {Lippmann, Richard P.},
    number = {1},
    month = {3},
    pages = {7--25},
    volume = {16},
    publisher = {{\\\}		ACM{\\\}		PUB27{\\\}		New York, NY, USA{\\\}	},
    url = {https://dl.acm.org/doi/10.1145/44571.44572},
    doi = {10.1145/44571.44572},
    issn = {0163-5964}
}

@incollection{Castillo2003ArtificialAlgorithms,
    title = {{Artificial Neural Networks Design using Evolutionary Algorithms}},
    year = {2003},
    booktitle = {Advances in Soft Computing},
    author = {Castillo, P. A. and Arenas, M. G. and Castillo-Valdivieso, J. J. and Merelo, J. J. and Prieto, A. and Romero, G.},
    pages = {43--52},
    publisher = {Springer London},
    url = {http://link.springer.com/10.1007/978-1-4471-3744-3_5},
    address = {London},
    doi = {10.1007/978-1-4471-3744-3{\_}5}
}

@article{Jain1996ArtificialTutorial,
    title = {{Artificial neural networks: a tutorial}},
    year = {1996},
    journal = {Computer},
    author = {Jain, A.K. and {Jianchang Mao} and Mohiuddin, K.M.},
    number = {3},
    month = {3},
    pages = {31--44},
    volume = {29},
    url = {http://ieeexplore.ieee.org/document/485891/},
    doi = {10.1109/2.485891},
    issn = {00189162}
}

@article{Storn1997DifferentialSpaces,
    title = {{Differential Evolution - A Simple and Efficient Heuristic for Global Optimization over Continuous Spaces}},
    year = {1997},
    journal = {Journal of Global Optimization},
    author = {Storn, Rainer and Price, Kenneth},
    number = {4},
    pages = {341--359},
    volume = {11},
    publisher = {Springer Netherlands},
    url = {https://link.springer.com/article/10.1023/A:1008202821328},
    doi = {10.1023/A:1008202821328/METRICS},
    issn = {09255001},
    keywords = {Evolution strategy, Genetic algorithm, Global optimization, Nonlinear optimization, Stochastic optimization}
}

@article{Feurer2015EfficientLearning,
    title = {{Efficient and Robust Automated Machine Learning}},
    year = {2015},
    journal = {Advances in Neural Information Processing Systems},
    author = {Feurer, Matthias and Klein, Aaron and Jost, Katharina Eggensperger and Springenberg, Tobias and Blum, Manuel and Hutter, Frank},
    volume = {28},
    url = {http://automl.org}
}

@article{Rocha2007EvolutionRegression,
    title = {{Evolution of Neural Networks for Classification and Regression}},
    year = {2007},
    journal = {Neurocomputing},
    author = {Rocha, Miguel and Cortez, Paulo and Neves, Jos√©},
    number = {16-18},
    month = {10},
    pages = {2809--2816},
    volume = {70},
    publisher = {Elsevier},
    url = {https://linkinghub.elsevier.com/retrieve/pii/S0925231207001567},
    doi = {10.1016/j.neucom.2006.05.023},
    issn = {09252312},
    keywords = {Evolutionary algorithms, Lamarckian optimization, Multilayer perceptrons, Neural network ensembles, Supervised learning}
}

@inproceedings{Branke1995EvolutionaryTraining,
    title = {{Evolutionary Algorithms for Neural Network Design and Training}},
    year = {1995},
    booktitle = {Procceedings of the 1st Nordic Workshop on Genetic Algorithms and its Applications},
    author = {Branke, J. Urgen},
    editor = {T. {\'{A}}lander, Jarmo},
    address = {Vaasa, Finland}
}

@inproceedings{Badan2019EvolutionaryDesign,
    title = {{Evolutionary Algorithms in Convolutional Neural Network Design}},
    year = {2019},
    booktitle = {Excel@FIT 2019},
    author = {Bad{\'{a}}≈à, Filip},
    url = {https://excel.fit.vutbr.cz/submissions/2019/033/33.pdf}
}

@article{Fogel1995EvolutionaryIntelligence,
    title = {{Evolutionary Computation: Towards a New Philosophy of Machine Intelligence}},
    year = {1995},
    author = {Fogel, D.}
}

@article{Zhu2005EvolutionaryMachine,
    title = {{Evolutionary extreme learning machine}},
    year = {2005},
    journal = {Pattern Recognition},
    author = {Zhu, Qin-Yu and Qin, A.K. and Suganthan, P.N. and Huang, Guang-Bin},
    number = {10},
    month = {10},
    pages = {1759--1763},
    volume = {38},
    url = {https://linkinghub.elsevier.com/retrieve/pii/S0031320305001809},
    doi = {10.1016/j.patcog.2005.03.028},
    issn = {00313203},
    keywords = {Differential evolution, Extreme learning machine, Minimum norm least square}
}

@article{Fogel1990EvolvingNetworks,
    title = {{Evolving Neural Networks}},
    year = {1990},
    journal = {Biological Cybernetics},
    author = {Fogel, D. B. and Fogel, L. J. and Porto, V. W.},
    number = {6},
    month = {10},
    pages = {487--493},
    volume = {63},
    publisher = {Springer-Verlag},
    url = {http://link.springer.com/10.1007/BF00199581},
    doi = {10.1007/BF00199581},
    issn = {0340-1200}
}

@inproceedings{Guang-BinHuang2004ExtremeNetworks,
    title = {{Extreme Learning Machine: A New Learning Scheme of Feedforward Neural Networks}},
    year = {2004},
    booktitle = {2004 IEEE International Joint Conference on Neural Networks (IEEE Cat. No.04CH37541)},
    author = {{Guang-Bin Huang} and {Qin-Yu Zhu} and {Chee-Kheong Siew}},
    pages = {985--990},
    volume = {2},
    publisher = {IEEE},
    url = {http://ieeexplore.ieee.org/document/1380068/},
    isbn = {0-7803-8359-1},
    doi = {10.1109/IJCNN.2004.1380068}
}

@article{David2014GeneticNetworks,
    title = {{Genetic algorithms for evolving deep neural networks}},
    year = {2014},
    journal = {Proceedings of the Companion Publication of the 2014 Annual Conference on Genetic and Evolutionary Computation},
    author = {David, Omid E. and Greental, Iddo},
    pages = {1451--1452},
    publisher = {Association for Computing Machinery},
    isbn = {9781450328814},
    doi = {10.1145/2598394.2602287},
    arxivId = {1711.07655},
    keywords = {Autoencoders, Deep learning, Genetic algorithms, Neural networks}
}

@inproceedings{David2014GeneticNetworksb,
    title = {{Genetic algorithms for evolving deep neural networks}},
    year = {2014},
    booktitle = {Proceedings of the Companion Publication of the 2014 Annual Conference on Genetic and Evolutionary Computation},
    author = {David, Omid E. and Greental, Iddo},
    month = {7},
    pages = {1451--1452},
    publisher = {ACM},
    url = {https://dl.acm.org/doi/10.1145/2598394.2602287},
    address = {New York, NY, USA},
    isbn = {9781450328814},
    doi = {10.1145/2598394.2602287},
    keywords = {Autoencoders, Deep learning, Genetic algorithms, Neural networks}
}

@book{Goldberg1989GeneticLearning,
    title = {{Genetic Algorithms in Search, Optimization and Machine Learning}},
    year = {1989},
    author = {Goldberg, David E},
    edition = {1st},
    publisher = {Addison-Wesley Longman Publishing Co., Inc.},
    address = {USA},
    isbn = {0201157675}
}

@misc{Erdem2020IntroductionMachines,
    title = {{Introduction to Extreme Learning Machines}},
    year = {2020},
    booktitle = {Blog by Kemal Erdem},
    author = {Erdem, Kemal},
    month = {5},
    url = {https://erdem.pl/2020/05/introduction-to-extreme-learning-machines}
}

@article{Rooij1996NeuralAlgorithms,
    title = {{Neural Network Training Using Genetic Algorithms}},
    year = {1996},
    author = {Rooij, A. V. and Johnson, R. P. and Jain, L.}
}

@article{Chiroma2017NeuralReview,
    title = {{Neural Networks Optimization through Genetic Algorithm Searches: A Review}},
    year = {2017},
    journal = {Applied Mathematics {\&} Information Sciences},
    author = {Chiroma, Haruna and Noor, Ahmad Shukri Mohd and Abdulkareem, Sameem and Abubakar, Adamu I. and Hermawan, Arief and Qin, Hongwu and Hamza, Mukhtar Fatihu and Herawan, Tutut},
    number = {6},
    month = {11},
    pages = {1543--1564},
    volume = {11},
    publisher = {Natural Sciences Publishing USA},
    url = {http://naturalspublishing.com/Article.asp?ArtcID=13747},
    doi = {10.18576/amis/110602},
    issn = {1935-0090},
    keywords = {Genetic Algorithm, Neural networks, Review, Topology optimization, Weights optimization}
}

@inproceedings{Islam2014OptimizationForecasting,
    title = {{Optimization of neural network architecture using genetic algorithm for load forecasting}},
    year = {2014},
    booktitle = {2014 5th International Conference on Intelligent and Advanced Systems (ICIAS)},
    author = {Islam, Badar ul and Baharudin, Zuhairi and Raza, Muhammad Qamar and Nallagownden, Perumal},
    month = {6},
    pages = {1--6},
    publisher = {IEEE},
    url = {https://ieeexplore.ieee.org/document/6869528},
    isbn = {978-1-4799-4653-2},
    doi = {10.1109/ICIAS.2014.6869528},
    keywords = {Artificial neural network, Genetic algorithm, Multilayer perceptron neural network, Neural network topology}
}

@article{Downing2010TheNetworks,
    title = {{The Baldwin Effect in Developing Neural Networks}},
    year = {2010},
    journal = {Proceedings of the 12th Annual Genetic and Evolutionary Computation Conference, GECCO '10},
    author = {Downing, Keith L.},
    pages = {555--562},
    url = {https://dl.acm.org/doi/10.1145/1830483.1830588},
    isbn = {9781450300728},
    doi = {10.1145/1830483.1830588},
    keywords = {Algorithms}
}